<?xml version="1.0" encoding="UTF-8"?><collection xmlns="http://www.loc.gov/MARC21/slim"><record><leader>00555nam--2200181-u-4500</leader><controlfield tag="001">000055503</controlfield><controlfield tag="002">20161230</controlfield><controlfield tag="005">20161230201052</controlfield><controlfield tag="008">130215s1000------------r-----000-0-eng-d</controlfield><datafield ind1=" " ind2=" " tag="040"><subfield code="a">IFIN-HH</subfield></datafield><datafield ind1=" " ind2=" " tag="080"><subfield code="a">539.12.162.8(038)</subfield></datafield><datafield ind1="1" ind2=" " tag="100"><subfield code="a">Katyshev, Yu.V</subfield></datafield><datafield ind1="1" ind2=" " tag="245"><subfield code="a">English-russian high-energy physics dictionary</subfield><subfield code="b">Anglo-russkii slovari po fizike visokih energii</subfield><subfield code="c">Yu.v. katyshev, l.l. novikov, e.a. polferov</subfield></datafield><datafield ind1=" " ind2=" " tag="260"><subfield code="a">Moskva</subfield><subfield code="b">Russkii Iakik</subfield><subfield code="c">1984</subfield></datafield><datafield ind1=" " ind2=" " tag="300"><subfield code="a">400P</subfield></datafield><datafield ind1="1" ind2=" " tag="700"><subfield code="a">Ploferov, E.A</subfield></datafield><datafield ind1=" " ind2=" " tag="852"><subfield code="a">D.652</subfield><subfield code="c">SLF</subfield></datafield><datafield ind1=" " ind2=" " tag="CAT"><subfield code="a">Sys</subfield><subfield code="c">20130215</subfield><subfield code="h">135844</subfield></datafield></record></collection>